@online{TPC-H,
  author = {Transaction Processing Performance Council (TPC)},
  title = {TPC BENCHMARK\textsuperscript{\texttrademark} H (Decision Support) Standard Specification},
  year = 2022,
  url = {https://www.tpc.org/TPC_Documents_Current_Versions/pdf/TPC-H_v3.0.1.pdf}
}